<?xml version="1.0" encoding="UTF-8"?><collection xmlns="http://www.loc.gov/MARC21/slim"><record><leader>00399nam--2200121-i-4500</leader><controlfield tag="001">000011839</controlfield><controlfield tag="002">20161230</controlfield><controlfield tag="005">20161230201029</controlfield><controlfield tag="008">060222s1000------------r-----000-0-eng-d</controlfield><datafield ind1=" " ind2=" " tag="100"><subfield code="a">Boit, Hans G. Und Richter, Friedrich</subfield></datafield><datafield ind1=" " ind2=" " tag="245"><subfield code="a">Beilsteins handbuch der organischen chemie vie rtte auflage. drittes erganzungswerk die liter atur von 1930-1959</subfield></datafield><datafield ind1=" " ind2=" " tag="260"><subfield code="a">Berlin, Springer-verlag, 1973</subfield></datafield><datafield ind1=" " ind2=" " tag="852"><subfield code="a">15094</subfield></datafield></record></collection>